<?xml version="1.0" encoding="UTF-8"?><collection xmlns="http://www.loc.gov/MARC21/slim"><record><leader>00450nam--2200121-i-4500</leader><controlfield tag="001">000010063</controlfield><controlfield tag="002">20161230</controlfield><controlfield tag="005">20161230201028</controlfield><controlfield tag="008">060222s1000------------r-----000-0-eng-d</controlfield><datafield ind1=" " ind2=" " tag="245"><subfield code="a">Conference:  the management of research &amp; development.  edited by ... papers of a conference held at the university of strathclyde on 4th to 6th april, 1967</subfield></datafield><datafield ind1=" " ind2=" " tag="260"><subfield code="a">Strathclyde, The University, 1969 /Pag.Dif.</subfield></datafield><datafield ind1=" " ind2=" " tag="700"><subfield code="a">Arnfield, R.V.And Roxburgh, D</subfield></datafield><datafield ind1=" " ind2=" " tag="852"><subfield code="a">36380</subfield></datafield></record></collection>